@book{MMfP,
  title = {[7th]Mathematical Methods for Physicists},
  author = {Arfken Weber Harris},
  journal = {},
  volume = {},
  issue = {},
  pages = {},
  numpages = {},
  year = {2005},
  month = {},
  isbn = {978-93-81269-55-8},
  publisher = {ACADEMIC PRESS},
  address = {},
  doi = {},
  url = {https://www.academia.edu/32064399/_7th_Mathematical_Methods_for_Physicists_Arfken_pdf}
}
