@book{ToS,
  title = {Theory of Superconductivity [Revised Printing]},
  author = {J.R.Schrieffer},
  journal = {},
  volume = {},
  issue = {},
  pages = {},
  numpages = {},
  year = {1964},
  month = {},
  publisher = {},
  address = {},
  doi = {},
  url = {http://zimp.zju.edu.cn/~qchen/Teaching/AdvStat/Schrieffer.pdf}
}
