@book{QFT,
  title = {Quamtum Field Theory},
  author = {David Tong},
  journal = {},
  volume = {},
  issue = {},
  pages = {},
  numpages = {},
  year = {2006},
  month = {},
  publisher = {},
  address = {},
  doi = {},
  url = {http://www.damtp.cam.ac.uk/user/dt281/qft.html}
}
