@book{lop,
  title = {The Feynman Lectures on Physics Vol. III},
  author = {Richard P. Feynman, Robert B. Leighton, Matthew Sands},
  journal = {},
  volume = {},
  issue = {},
  pages = {},
  numpages = {},
  year = {1974},
  month = {},
  publisher = {},
  address = {},
  doi = {},
  url = {https://www.feynmanlectures.caltech.edu/III_toc.html}
}
